%----------------------------------------------------------------------
% BIBLIOGRAPHY (參考書目)
%----------------------------------------------------------------------
@INPROCEEDINGS{8094140, 
    author      = {Y. {Huang} and W. {Shih} and J. {Huang}}, 
    booktitle   = {19th Asia-Pacific Network Operations and Management Symposium (APNOMS)}, 
    title       = {{A Classification-Based Elephant Flow Detection Method Using Application Round on {SDN} Environments}}, 
    year        = {2017}, 
    month       = {Sep.},
}

@INPROCEEDINGS{7157818, 
    author      = {{Peng Xiao} and {Wenyu Qu} and {Heng Qi} and {Yujie Xu} and {Zhiyang Li}}, 
    title       = {{An Efficient Elephant Flow Detection With Cost-Sensitive in {SDN}}}, 
    booktitle   = {International Conference on Industrial Networks and Intelligent Systems (INISCom)}, 
    year        = {2015}, 
    month       = {Mar.},
}

@INPROCEEDINGS{7876241, 
    author      = {B. {Yamansavascilar} and M. A. {Guvensan} and A. G. {Yavuz} and M. E. {Karsligil}},  
    title       = {{Application Identification via Network Traffic Classification}}, 
    booktitle   = {International Conference on Computing, Networking and Communications (ICNC)},
    year        = {2017}, 
    month       = {Jan.},
}

@INPROCEEDINGS{Chen-ASD,
    author      = {Chen, Li and Lingys, Justinas and Chen, Kai and Liu, Feng},
    title       = {{AuTO}: {Scaling Deep Reinforcement Learning for Datacenter-Scale Automatic Traffic Optimization}},
    booktitle   = {ACM SIGCOMM},
    year        = {2018},
}

@INPROCEEDINGS{181294,
    author      = {Alok Tongaonkar and Ram Keralapura and Antonio Nucci},
    title       = {{Challenges in Network Application Identification}},
    booktitle   = {USENIX Workshop on Large-Scale Exploits and Emergent Threats},
    year        = {2012}
}

@INPROCEEDINGS{7979979, 
    author      = {S. {Teerapittayanon} and B. {McDanel} and H. T. {Kung}}, 
    title       = {{Distributed Deep Neural Networks Over the Cloud, the Edge and End Devices}}, 
    booktitle   = {IEEE International Conference on Distributed Computing Systems (ICDCS)}, 
    year        = {2017},  
    month       = {Jun.},
}

@INPROCEEDINGS{8416424, 
    author      = {A. {AlGhadhban} and B. {Shihada}}, 
    title       = {{FLight}: {A Fast and Lightweight Elephant-Flow Detection Mechanism}}, 
    booktitle   = {IEEE International Conference on Distributed Computing Systems (ICDCS)}, 
    year        = {2018}, 
    month       = {Jul.},
}

@INPROCEEDINGS{7899588, 
    author      = {{Wei Wang} and {Ming Zhu} and {Xuewen Zeng} and {Xiaozhou Ye} and {Yiqiang Sheng}}, 
    title       = {{Malware Traffic Classification using Convolutional Neural Network for Representation Learning}}, 
    booktitle   = {International Conference on Information Networking (ICOIN)}, 
    year        = {2017}, 
    month       = {Jan.},
}

@INPROCEEDINGS{8406200, 
    author      = {S. C. {Madanapalli} and M. {Lyu} and H. {Kumar} and H. H. {Gharakheili} and V. {Sivaraman}}, 
    title       = {{Real-time Detection, Isolation and Monitoring of Elephant Flows using Commodity {SDN} System}}, 
    booktitle   = {IEEE/IFIP Network Operations and Management Symposium}, 
    year        = {2018}, 
    month       = {Apr.},
}

@ARTICLE{Mu-AAAS,
    author      = {Mu, Ting-Yu and Al-Fuqaha, Ala and Shuaib, Khaled and Sallabi, Farag M. and Qadir, Junaid},
    title       = {{SDN} {Flow Entry Management Using Reinforcement Learning}},
    journal     = {ACM Transactions on Autonomous and Adaptive Systems (TAAS)},
    volume      = {13},
    number      = {2},
    year        = {2018},
    month       = {Nov.},
} 

@MISC{USTC-TFC2016,
    title       = {{DeepTraffic dataset}},
    url         = {https://github.com/echowei/DeepTraffic/tree/master/1.malware\_traffic\_classification}
}

@INPROCEEDINGS{cohen2015near,
    author      = {Cohen, Rami and Lewin-Eytan, Liane and Naor, Joseph Seffi and Raz, Danny},
    title       = {{Near Optimal Placement of Virtual Network Functions}},
    booktitle   = {IEEE INFOCOM},
    year        = {2015},
}

@INPROCEEDINGS{cziva2018dynamic,
    author      = {Cziva, Richard and Anagnostopoulos, Christos and Pezaros, Dimitrios P},
    title       = {{Dynamic, Latency-Optimal VNF Placement at the Network Edge}},
    booktitle   = {IEEE INFOCOM},
    year        = {2018},
}

@INPROCEEDINGS{li2016survey,
    author      = {Li, Xin and Qian, Chen},
    title       = {{A Survey of Network Function Placement}},
    booktitle   = {IEEE Annual Consumer Communications \& Networking Conference (CCNC)},
    year        = {2016},
}

@ARTICLE{li2018virtual,
    author      = {Li, Defang and Hong, Peilin and Xue, Kaiping and others},
    title       = {{Virtual Network Function Placement Considering Resource Optimization and SFC Requests in Cloud Datacenter}},
    journal     = {IEEE Transactions on Parallel and Distributed Systems},
    volume      = {29},
    number      = {7},
    year        = {2018},
}

@INPROCEEDINGS{luizelli2015piecing,
    author      = {Luizelli, Marcelo Caggiani and Bays, Leonardo Richter and Buriol, Luciana Salete and Barcellos, Marinho Pilla and Gaspary, Luciano Paschoal},
    title       = {{Piecing Together the NFV Provisioning Puzzle: Efficient Placement and Chaining of Virtual Network Functions}},
    booktitle   = {IFIP/IEEE International Symposium on Integrated Network Management (IM)},
    year        = {2015},
}

@INPROCEEDINGS{guo2018joint,
    author      = {Guo, Linqi and Pang, John and Walid, Anwar},
    title       = {{Joint Placement and Routing of Network Function Chains in Data Centers}},
    booktitle   = {IEEE INFOCOM},
    year        = {2018},
}

@INPROCEEDINGS{onlineplace,
    author      = {Zhang, Bowu and Hwang, Jinho and Wood, Timothy},
    title       = {{Toward Online Virtual Network Function Placement in Software Defined Networks}},
    booktitle   = {ACM IWQoS},
    year        = {2016},
}

@INPROCEEDINGS{Chekuri2000,
    author      = {Chekuri, Chandra and Khanna, Sanjeev},
    title       = {{A PTAS for the Multiple Knapsack Problem}},
    booktitle   = {ACM-SIAM Symposium on Discrete Algorithms},
    year        = {2000},
} 
