%----------------------------------------------------------------------
% BIBLIOGRAPHY (參考書目)
%----------------------------------------------------------------------
@inproceedings{9371931,
    author    = {Rosenbaum, E. and Xiong, J. and Yang, A. and Chen, Z. and Raginsky, M.},
    booktitle = {2020 IEEE International Electron Devices Meeting (IEDM)},
    title     = {Machine Learning for Circuit Aging Simulation},
    year      = {2020},
    volume    = {},
    number    = {},
    pages     = {39.1.1-39.1.4},
    doi       = {10.1109/IEDM13553.2020.9371931}
}

  @article{9123408,
    author  = {Guo, Tao and Tian, Chao and Liu, Tie and Yeung, Raymond W.},
    journal = {IEEE Transactions on Information Theory},
    title   = {Weakly Secure Symmetric Multilevel Diversity Coding},
    year    = {2020},
    volume  = {66},
    number  = {11},
    pages   = {7033-7055},
    doi     = {10.1109/TIT.2020.3004482}
}

@online{1111111,
    author  = {Google},
    title   = {尼卡諾爾帕拉 107 歲冥誕},
    year    = {2021},
    month   = {Sep},
    url     = {https://www.google.com/doodles/nicanor-parras-107th-birthday},
    urldate = {2021-09-05}
}

% Technical Specification 
@techreport{25300,
    author      = {3GPP},
    institution = {{3rd Generation Partnership Project (3GPP)}},
    month       = {Jul.},
    note        = {Version 12.6.0},
    number      = {25.300},
    title       = {{Universal Terrestrial Radio Access Network (UTRAN); General description; Stage 2}},
    type        = { Technical Specification (TS)},
    url         = {https://www.3gpp.org/DynaReport/25300.htm},
    year        = {2016}
}

% Technical Report
@techreport{45001,
    author      = {3GPP},
    institution = {{3rd Generation Partnership Project (3GPP)}},
    month       = {Apr.},
    note        = {Version 4.5.0},
    number      = {45.001},
    title       = {{GSM/EDGE Physical layer on the radio path; General description}},
    type        = { Technical Report (TR)},
    url         = {https://www.3gpp.org/DynaReport/45001.htm},
    year        = {2005}
}

@inbook{101002,
    publisher = {{John Wiley \& Sons, Ltd}},
    isbn      = {9781119556060},
    title     = {Sifting Through Services},
    booktitle = {CompTIA Linux+ Study Guide},
    chapter   = {2},
    pages     = {15-38},
    doi       = {https://doi.org/10.1002/9781119556060.ch2},
    url       = {https://onlinelibrary.wiley.com/doi/abs/10.1002/9781119556060.ch2},
    eprint    = {https://onlinelibrary.wiley.com/doi/pdf/10.1002/9781119556060.ch2},
    year      = {2019},
    keywords  = {Linux servers, software packages, network clients, Linux kernel, personal programs, command-line interface (CLI)}
}